@article{weirich2017liquid,
	title={Liquid behavior of cross-linked actin bundles},
	author={Weirich, Kimberly L and Banerjee, Shiladitya and Dasbiswas, Kinjal and Witten, Thomas A and Vaikuntanathan, Suriyanarayanan and Gardel, Margaret L},
	journal={Proceedings of the National Academy of Sciences},
	volume={114},
	number={9},
	pages={2131--2136},
	year={2017},
	publisher={National Acad Sciences}
}
  
 @article{cooper2000structure,
 	title={Structure and organization of actin filaments},
 	author={Cooper, Geoffrey M},
 	journal={The cell: a molecular approach},
 	volume={2},
 	year={2000},
 	publisher={Sinauer Associates}
 }

@article{goldmann1993analysis,
	title={Analysis of filamin and $\alpha$-actinin binding to actin by the stopped flow method},
	author={Goldmann, WH and Isenberg, G},
	journal={FEBS letters},
	volume={336},
	number={3},
	pages={408--410},
	year={1993},
	publisher={Wiley Online Library}
}

@article{nakamura2007structural,
	title={Structural basis of filamin A functions},
	author={Nakamura, Fumihiko and Osborn, Teresia M and Hartemink, Christopher A and Hartwig, John H and Stossel, Thomas P},
	journal={The Journal of cell biology},
	volume={179},
	number={5},
	pages={1011--1025},
	year={2007},
	publisher={The Rockefeller University Press}
}